@book{yaser2012learning,
    title={Learning from Data: A Short Course},
    author={Yaser S. Abu-Mostafa and Magdon-Ismail, M. and Lin, H.T.},
    isbn={9781600490064},
    url={https://books.google.com.br/books?id=iZUzMwEACAAJ},
    year={2012},
    publisher={AMLBook.com}
}