@misc{stf,
  author = {Brazilian Supreme Court},
  title = {Number of Decisions},
  year = {2011-2020},
  note = {Retrieved from the Brazilian Supreme Court statistics, \url{http://portal.stf.jus.br/estatistica/}. Accessed: 2021-06-22}
}

@article{falcao2013relatorio,
  title={I relat{\'o}rio do supremo em n{\'u}meros-o m{\'u}ltiplo supremo},
  author={Falc{\~a}o, Joaquim and Cerdeira, Pablo and Arguelhes, Diego},
  journal={Revista de Direito Administrativo},
  volume={262},
  pages={399--452},
  year={2013}
}

@article{robertson2004understanding,
  title={Understanding inverse document frequency: on theoretical arguments for IDF},
  author={Robertson, Stephen},
  journal={Journal of documentation},
  year={2004},
  publisher={Emerald Group Publishing Limited}
}

@book{bishop2006pattern,
  title={Pattern Recognition and Machine Learning},
  author={Bishop, C.M.},
  isbn={9780387310732},
  lccn={2006922522},
  series={Information Science and Statistics},
  url={https://books.google.com.br/books?id=kTNoQgAACAAJ},
  year={2006},
  publisher={Springer}
}
